@misc{SimonXu2015,
        title = {Discrete Fourier Transform - Simple Step by Step},
        date = {2015},
        organization = {Youtube},
        author = {Simon Xu},
        url = "\url{https://www.youtube.com/watch?v=mkGsMWi_j4Q}",
        note = {Accessed: 2024-10-14}
}

@misc{Randhawa2018,
    author = {Randhawa, Simranjeet},
    year = {2018},
    month = {09},
    title = {Analysing \& Implementing Cooley Tukey Fast Fourier Transform Algorithm},
    doi = {10.13140/RG.2.2.19037.33767}
}